<record><leader>00000cas a2200000 a 4500</leader><controlfield tag="001">34502325</controlfield><controlfield tag="007">hd afu---bact</controlfield><controlfield tag="007">hd bfu---baat</controlfield><controlfield tag="008">960402d190919uunbumr nea     0    0eng d</controlfield><datafield ind1=" " ind2=" " tag="010"><subfield code="a">sn 96080224 </subfield></datafield><datafield ind1=" " ind2=" " tag="040"><subfield code="a">NVG</subfield><subfield code="b">eng</subfield><subfield code="c">NVG</subfield><subfield code="d">OCL</subfield><subfield code="d">OCLCQ</subfield><subfield code="d">OCLCF</subfield><subfield code="d">OCLCO</subfield><subfield code="d">OCLCQ</subfield></datafield><datafield ind1="0" ind2=" " tag="041"><subfield code="a">eng</subfield><subfield code="a">swe</subfield></datafield><datafield ind1=" " ind2=" " tag="042"><subfield code="a">msc</subfield></datafield><datafield ind1=" " ind2=" " tag="043"><subfield code="a">n-us-nb</subfield></datafield><datafield ind1="0" ind2="0" tag="245"><subfield code="a">Luther College visitor.</subfield></datafield><datafield ind1=" " ind2=" " tag="260"><subfield code="a">Wahoo, Neb. :</subfield><subfield code="b">Faculty of Luther College</subfield></datafield><datafield ind1=" " ind2=" " tag="300"><subfield code="a">volumes</subfield></datafield><datafield ind1=" " ind2=" " tag="310"><subfield code="a">Monthly (during the school year),</subfield><subfield code="b">&lt;Aug. 1918-Mar./Apr. 1959&gt;</subfield></datafield><datafield ind1=" " ind2=" " tag="321"><subfield code="a">Monthly,</subfield><subfield code="b">&lt;June 1909-May 1918&gt;</subfield></datafield><datafield ind1=" " ind2=" " tag="336"><subfield code="a">text</subfield><subfield code="b">txt</subfield><subfield code="2">rdacontent</subfield></datafield><datafield ind1=" " ind2=" " tag="337"><subfield code="a">microform</subfield><subfield code="b">h</subfield><subfield code="2">rdamedia</subfield></datafield><datafield ind1=" " ind2=" " tag="338"><subfield code="a">microfilm reel</subfield><subfield code="b">hd</subfield><subfield code="2">rdacarrier</subfield></datafield><datafield ind1="1" ind2=" " tag="362"><subfield code="a">Began in 1909.</subfield></datafield><datafield ind1=" " ind2=" " tag="546"><subfield code="a">Chiefly in English with some Swedish.</subfield></datafield><datafield ind1=" " ind2=" " tag="588"><subfield code="a">Description based on: Vol. 5, no. 7 (June 1909).</subfield></datafield><datafield ind1=" " ind2=" " tag="533"><subfield code="a">Microfilm.</subfield><subfield code="m">1909-1910,1912-1959:[Gaps]</subfield><subfield code="b">Lincoln, Neb. :</subfield><subfield code="c">Nebraska State Historical Society,</subfield><subfield code="d">1989.</subfield><subfield code="e">2 microfilm reels ; 35 mm.</subfield></datafield><datafield ind1="2" ind2="0" tag="610"><subfield code="a">Midland Lutheran College (Fremont, Neb.)</subfield><subfield code="v">Newspapers.</subfield></datafield><datafield ind1="2" ind2="7" tag="610"><subfield code="a">Midland Lutheran College (Fremont, Neb.)</subfield><subfield code="2">fast</subfield><subfield code="0">(OCoLC)fst00753391</subfield></datafield><datafield ind1=" " ind2="7" tag="655"><subfield code="a">Newspapers.</subfield><subfield code="2">fast</subfield><subfield code="0">(OCoLC)fst01423814</subfield></datafield><datafield ind1=" " ind2=" " tag="752"><subfield code="a">United States</subfield><subfield code="b">Nebraska</subfield><subfield code="c">Saunders</subfield><subfield code="d">Wahoo.</subfield></datafield><datafield ind1="0" ind2="0" tag="780"><subfield code="t">Luther Academy visitor</subfield><subfield code="w">(DLC)sn 96080285</subfield></datafield><datafield ind1="1" ind2=" " tag="029"><subfield code="a">AU@</subfield><subfield code="b">000012367215</subfield></datafield></record>